%YAML 1.1
%TAG !u! tag:unity3d.com,2011:
--- !u!1 &6933990678028785883
GameObject:
  m_ObjectHideFlags: 0
  m_CorrespondingSourceObject: {fileID: 0}
  m_PrefabInstance: {fileID: 0}
  m_PrefabAsset: {fileID: 0}
  serializedVersion: 6
  m_Component:
  - component: {fileID: 7665093467867183715}
  - component: {fileID: 8769701291768636273}
  - component: {fileID: 6190645715875146105}
  m_Layer: 0
  m_Name: Boat
  m_TagString: Untagged
  m_Icon: {fileID: 0}
  m_NavMeshLayer: 0
  m_StaticEditorFlags: 0
  m_IsActive: 1
--- !u!4 &7665093467867183715
Transform:
  m_ObjectHideFlags: 0
  m_CorrespondingSourceObject: {fileID: 0}
  m_PrefabInstance: {fileID: 0}
  m_PrefabAsset: {fileID: 0}
  m_GameObject: {fileID: 6933990678028785883}
  serializedVersion: 2
  m_LocalRotation: {x: 0, y: 0.7071068, z: 0, w: 0.7071068}
  m_LocalPosition: {x: 0, y: 0, z: 0}
  m_LocalScale: {x: 1, y: 1, z: 1}
  m_ConstrainProportionsScale: 1
  m_Children:
  - {fileID: 7432239037644680252}
  m_Father: {fileID: 0}
  m_LocalEulerAnglesHint: {x: 0, y: 90, z: 0}
--- !u!114 &8769701291768636273
MonoBehaviour:
  m_ObjectHideFlags: 0
  m_CorrespondingSourceObject: {fileID: 0}
  m_PrefabInstance: {fileID: 0}
  m_PrefabAsset: {fileID: 0}
  m_GameObject: {fileID: 6933990678028785883}
  m_Enabled: 1
  m_EditorHideFlags: 0
  m_Script: {fileID: 11500000, guid: a818291a2661d274b9e40b8139d688e3, type: 3}
  m_Name: 
  m_EditorClassIdentifier: 
  holderParent: {fileID: 8519089439170590813}
  carHolderPrefab: {fileID: 1107591159348458303, guid: 58d0b732cb6922649822f8d329549e5b, type: 3}
  carHolders: []
  holderOffset: 7.75
--- !u!111 &6190645715875146105
Animation:
  m_ObjectHideFlags: 0
  m_CorrespondingSourceObject: {fileID: 0}
  m_PrefabInstance: {fileID: 0}
  m_PrefabAsset: {fileID: 0}
  m_GameObject: {fileID: 6933990678028785883}
  m_Enabled: 1
  serializedVersion: 3
  m_Animation: {fileID: 7400000, guid: 198f9d9371982664a8ddee2f11ec8f59, type: 2}
  m_Animations:
  - {fileID: 7400000, guid: 198f9d9371982664a8ddee2f11ec8f59, type: 2}
  m_WrapMode: 0
  m_PlayAutomatically: 1
  m_AnimatePhysics: 0
  m_CullingType: 0
--- !u!1 &8882372252361585876
GameObject:
  m_ObjectHideFlags: 0
  m_CorrespondingSourceObject: {fileID: 0}
  m_PrefabInstance: {fileID: 0}
  m_PrefabAsset: {fileID: 0}
  serializedVersion: 6
  m_Component:
  - component: {fileID: 8519089439170590813}
  m_Layer: 0
  m_Name: HolderParent
  m_TagString: Untagged
  m_Icon: {fileID: 0}
  m_NavMeshLayer: 0
  m_StaticEditorFlags: 0
  m_IsActive: 1
--- !u!4 &8519089439170590813
Transform:
  m_ObjectHideFlags: 0
  m_CorrespondingSourceObject: {fileID: 0}
  m_PrefabInstance: {fileID: 0}
  m_PrefabAsset: {fileID: 0}
  m_GameObject: {fileID: 8882372252361585876}
  serializedVersion: 2
  m_LocalRotation: {x: -0, y: -0, z: -0, w: 1}
  m_LocalPosition: {x: 0, y: 4.65, z: -6.47}
  m_LocalScale: {x: 1, y: 1, z: 1}
  m_ConstrainProportionsScale: 0
  m_Children: []
  m_Father: {fileID: 7432239037644680252}
  m_LocalEulerAnglesHint: {x: 0, y: 0, z: 0}
--- !u!1001 &6966549085275245527
PrefabInstance:
  m_ObjectHideFlags: 0
  serializedVersion: 2
  m_Modification:
    serializedVersion: 3
    m_TransformParent: {fileID: 7665093467867183715}
    m_Modifications:
    - target: {fileID: -8679921383154817045, guid: 4fa464e51da71c14eabc1055d18ed33c, type: 3}
      propertyPath: m_LocalPosition.x
      value: -0
      objectReference: {fileID: 0}
    - target: {fileID: -8679921383154817045, guid: 4fa464e51da71c14eabc1055d18ed33c, type: 3}
      propertyPath: m_LocalPosition.y
      value: 0
      objectReference: {fileID: 0}
    - target: {fileID: -8679921383154817045, guid: 4fa464e51da71c14eabc1055d18ed33c, type: 3}
      propertyPath: m_LocalPosition.z
      value: 0
      objectReference: {fileID: 0}
    - target: {fileID: -8679921383154817045, guid: 4fa464e51da71c14eabc1055d18ed33c, type: 3}
      propertyPath: m_LocalRotation.w
      value: 1
      objectReference: {fileID: 0}
    - target: {fileID: -8679921383154817045, guid: 4fa464e51da71c14eabc1055d18ed33c, type: 3}
      propertyPath: m_LocalRotation.x
      value: 0
      objectReference: {fileID: 0}
    - target: {fileID: -8679921383154817045, guid: 4fa464e51da71c14eabc1055d18ed33c, type: 3}
      propertyPath: m_LocalRotation.y
      value: -0
      objectReference: {fileID: 0}
    - target: {fileID: -8679921383154817045, guid: 4fa464e51da71c14eabc1055d18ed33c, type: 3}
      propertyPath: m_LocalRotation.z
      value: -0
      objectReference: {fileID: 0}
    - target: {fileID: -8679921383154817045, guid: 4fa464e51da71c14eabc1055d18ed33c, type: 3}
      propertyPath: m_LocalEulerAnglesHint.x
      value: 0
      objectReference: {fileID: 0}
    - target: {fileID: -8679921383154817045, guid: 4fa464e51da71c14eabc1055d18ed33c, type: 3}
      propertyPath: m_LocalEulerAnglesHint.y
      value: 0
      objectReference: {fileID: 0}
    - target: {fileID: -8679921383154817045, guid: 4fa464e51da71c14eabc1055d18ed33c, type: 3}
      propertyPath: m_LocalEulerAnglesHint.z
      value: 0
      objectReference: {fileID: 0}
    - target: {fileID: -5619693220405231796, guid: 4fa464e51da71c14eabc1055d18ed33c, type: 3}
      propertyPath: m_IsActive
      value: 0
      objectReference: {fileID: 0}
    - target: {fileID: 919132149155446097, guid: 4fa464e51da71c14eabc1055d18ed33c, type: 3}
      propertyPath: m_Name
      value: Model
      objectReference: {fileID: 0}
    - target: {fileID: 2724606643324411019, guid: 4fa464e51da71c14eabc1055d18ed33c, type: 3}
      propertyPath: m_IsActive
      value: 0
      objectReference: {fileID: 0}
    - target: {fileID: 8213701679909785740, guid: 4fa464e51da71c14eabc1055d18ed33c, type: 3}
      propertyPath: m_IsActive
      value: 0
      objectReference: {fileID: 0}
    m_RemovedComponents: []
    m_RemovedGameObjects: []
    m_AddedGameObjects:
    - targetCorrespondingSourceObject: {fileID: -8679921383154817045, guid: 4fa464e51da71c14eabc1055d18ed33c, type: 3}
      insertIndex: -1
      addedObject: {fileID: 8519089439170590813}
    m_AddedComponents: []
  m_SourcePrefab: {fileID: 100100000, guid: 4fa464e51da71c14eabc1055d18ed33c, type: 3}
--- !u!4 &7432239037644680252 stripped
Transform:
  m_CorrespondingSourceObject: {fileID: -8679921383154817045, guid: 4fa464e51da71c14eabc1055d18ed33c, type: 3}
  m_PrefabInstance: {fileID: 6966549085275245527}
  m_PrefabAsset: {fileID: 0}
